<?xml version="1.0" encoding="UTF-8"?>
<record xmlns="http://www.loc.gov/MARC21/slim" xmlns:xsi="http://www.w3.org/2001/XMLSchema-instance" xsi:schemaLocation="http://www.loc.gov/MARC21/slim http://www.loc.gov/standards/marcxml/schema/MARC21slim.xsd">
<leader>     cam a22003250  4500</leader>
<controlfield tag="001">002657162</controlfield>
<controlfield tag="003">NNU</controlfield>
<controlfield tag="005">19940713181853.0</controlfield>
<controlfield tag="008">831107s1953    tu b          000 0 ara</controlfield>
<datafield tag="010" ind1=" " ind2=" ">
<subfield code="a">ne 62000491</subfield>
</datafield>
<datafield tag="035" ind1="9" ind2=" ">
<subfield code="a">NYUb10345119</subfield>
</datafield>
<datafield tag="035" ind1=" " ind2=" ">
<subfield code="a">GLIS003451193</subfield>
</datafield>
<datafield tag="035" ind1=" " ind2=" ">
<subfield code="a">(CStRLIN)NYUG83-B28224</subfield>
</datafield>
<datafield tag="040" ind1=" " ind2=" ">
<subfield code="c">NNU</subfield>
</datafield>
<datafield tag="050" ind1="0" ind2=" ">
<subfield code="a">B751.A35</subfield>
<subfield code="b">U4</subfield>
</datafield>
<datafield tag="090" ind1=" " ind2=" ">
<subfield code="i">01/05/84 CT</subfield>
</datafield>
<datafield tag="100" ind1="0" ind2=" ">
<subfield code="a">Avicenna,</subfield>
<subfield code="d">980-1037.</subfield>
</datafield>
<datafield tag="245" ind1="1" ind2="0">
<subfield code="a">Ibn Sina risâleleri.</subfield>
<subfield code="b">Les opuscules d'Ibn Sina.</subfield>
<subfield code="c">Publiés sous la direction de Hilmi Ziya Ülken.</subfield>
</datafield>
<datafield tag="260" ind1=" " ind2=" ">
<subfield code="a">Ankara,</subfield>
<subfield code="b">Türk Tarih Kurumu Basımevi,</subfield>
<subfield code="c">1953.</subfield>
</datafield>
<datafield tag="300" ind1=" " ind2=" ">
<subfield code="a">3 v.</subfield>
<subfield code="b">facsims.</subfield>
<subfield code="c">25 cm.</subfield>
</datafield>
<datafield tag="490" ind1="1" ind2=" ">
<subfield code="a">İstanbul Üniversitesi Edebiyat Fakültesi yayınları,</subfield>
<subfield code="v">no. 552.</subfield>
</datafield>
<datafield tag="500" ind1=" " ind2=" ">
<subfield code="a">Added t.p.: Rasāʼil Ibn Sīnā.</subfield>
</datafield>
<datafield tag="500" ind1=" " ind2=" ">
<subfield code="a">Vol 3 has title: İbn Sīna. Risâleler.</subfield>
</datafield>
<datafield tag="500" ind1=" " ind2=" ">
<subfield code="a">Vols. 2-3 have imprint: İstanbul, Horoz Basımevi.</subfield>
</datafield>
<datafield tag="500" ind1=" " ind2=" ">
<subfield code="a">In Arabic.</subfield>
</datafield>
<datafield tag="505" ind1="0" ind2=" ">
<subfield code="a">1. Uyun al-hikma, et l'opuscule d'Abu'l Faraj et la réfutation d'Ibn Sina, édité et annoté par H. Z. Ülken.--2. Les opuscules d'Ibn Sina, et Le livre de la différence entre le esprit et l'âme, par Qosta b. Luqa; edité, étudié et onnoté [sic] par H. Z. Ülken.--3. Aşkin mâhiyeti hakkında risâle, neşredin ve Türkçeye çeviren A. Ateş.</subfield>
</datafield>
<datafield tag="740" ind1="4" ind2=" ">
<subfield code="a">Les opuscules d'Ibn Sina.</subfield>
</datafield>
<datafield tag="740" ind1="0" ind2=" ">
<subfield code="a">Rasāʼil Ibn Sīnā.</subfield>
</datafield>
<datafield tag="830" ind1=" " ind2="0">
<subfield code="a">İstanbul Üniversitesi Edebiyat Fakültesi yayınları ;</subfield>
<subfield code="v">no. 552.</subfield>
</datafield>
<datafield tag="OWN" ind1=" " ind2=" ">
<subfield code="a">GENERAL</subfield>
</datafield>
<datafield tag="910" ind1=" " ind2=" ">
<subfield code="a">Fields 100 and 440 in AACR2 form.</subfield>
</datafield>
<datafield tag="950" ind1=" " ind2=" ">
<subfield code="l">BStack</subfield>
<subfield code="a">B751.A35</subfield>
<subfield code="b">U4</subfield>
<subfield code="v">v.1-3</subfield>
<subfield code="i">01/05/84 C</subfield>
</datafield>
<datafield tag="AVA" ind1=" " ind2=" ">
<subfield code="a">NYU50</subfield>
<subfield code="b">BOBST</subfield>
<subfield code="c">Main Collection</subfield>
<subfield code="d">B751.A35 U4</subfield>
<subfield code="e">unavailable</subfield>
<subfield code="t">Unavailable</subfield>
<subfield code="f">2</subfield>
<subfield code="g">2</subfield>
<subfield code="h">Y</subfield>
<subfield code="i">0</subfield>
<subfield code="j">MAIN</subfield>
<subfield code="k">0</subfield>
</datafield>
</record>
